
@book{gurval_actium_1998,
	title = {Actium and Augustus: the politics and emotions of civil war},
	publisher = {University of Michigan Press},
	author = {R. A. Gurval},
	year = {1998}
},

@book{richardson_new_1992,
	title = {A new topographical dictionary of ancient Rome},
	publisher = {Johns Hopkins University Press},
	author = {L. Richardson},
	year = {1992}
},

@misc{_arches_1,
	title = {Arches of Trajan},
	journal = {Wikipedia}
},

@misc{_arch_????,
	title = {Arch of Augustus},
	journal = {Wikipedia}
},

@misc{_arch_????-1,
	title = {Arch of Claudius},
	journal = {Wikipedia}
},

@misc{_arch_????-2,
	title = {Arch of Constantine},
	journal = {Arch of Constantine}
},

@misc{_arch_????-3,
	title = {Arch of Drusus}
},

@misc{_arch_????-4,
	title = {Arch of Galerius}
},

@misc{_arch_????-5,
	title = {Arch of Gallienus}
},

@misc{_arch_????-6,
	title = {Arch of Germanicus}
},

@misc{_arch_????-7,
	title = {Arch of Hadrian},
	journal = {Wikipedia}
},

@misc{_arch_????-8,
	title = {Arch of Septimius Severus}
},

@misc{_arch_????-9,
	title = {Arch of Titus},
	journal = {Wikipedia}
},

@misc{_arcs_????,
	title = {Arcs de Rome},
	journal = {Arcs de Rome}
},

@article{frothingham_jr_revised_1904,
	title = {A Revised List of Roman Memorial and Triumphal Arches},
	journal = {American Journal of Archaeology},
	author = {A. L. Frothingham Jr},
	year = {1904},
	pages = {1--34}
},

@article{leach_aryan_1990,
	title = {Aryan Invasions over four millennia},
	journal = {Culture Through Time: Anthropological Approaches},
	author = {E. Leach},
	year = {1990},
	pages = {227–45}
},

@book{bowersock_augustus_1965,
	title = {Augustus and the Greek world},
	publisher = {Oxford, Clarendon P},
	author = {G. W. Bowersock},
	year = {1965}
},

@misc{_best-preserved_????,
	title = {Best-preserved and Surviving Roman Triumphal Arches},
	url = {http://www.quazen.com/Arts/Architecture/Best-Preserved-and-Surviving-Roman-Triumphal-Arches.174799},
	howpublished = {{http://www.quazen.com/Arts/Architecture/Best-Preserved-and-Surviving-Roman-Triumphal-Arches.174799}}
},

@article{ashmole_cyriac_1956,
	title = {Cyriac of Ancona and the Temple of Hadrian at Cyzicus},
	journal = {Journal of the Warburg and Courtauld Institutes},
	author = {B. Ashmole},
	year = {1956},
	pages = {179--191}
},

@book{smith_dictionary_1854,
	title = {Dictionary of Greek and Roman geography},
	publisher = {Little, Brown \& Co.},
	author = {W. Smith},
	year = {1854}
},

@book{britannica_encyclopaedia_1989,
	title = {Encyclopaedia Britannica},
	publisher = {Chicago: Encyclopædia Britannica},
	author = {E. Britannica},
	year = {1989}
},

@misc{_golden_????,
	title = {Golden Gate},
	journal = {Wikipedia}
},

@article{stinespring_hadrian_1939,
	title = {Hadrian in Palestine, 129/130 {AD}},
	journal = {Journal of the American Oriental Society},
	author = {W. F. Stinespring},
	year = {1939},
	pages = {360--365}
},

@misc{_pont_????,
	title = {Pont Flavien},
	journal = {Wikipedia}
},

@book{oconnor_roman_1993,
	title = {Roman bridges},
	publisher = {Cambridge University Press},
	author = {C. {O'Connor}},
	year = {1993}
},

@misc{_roman_????,
	title = {Roman triumph},
	journal = {Wikipedia}
},

@misc{_roman_????-1,
	title = {Roman triumph - Wikipedia, the free encyclopedia},
	url = {http://en.wikipedia.org/wiki/Roman_triumph}
},

@book{bandinelli_romelate_????,
	title = {Rome, the late Empire},
	publisher = {Thames and Hudson},
	author = {R. B. Bandinelli}
},

@book{birley_septimius_1999,
	title = {Septimius Severus: The African Emperor},
	publisher = {Routledge},
	author = {A. R. Birley},
	year = {1999}
},

@book{emmerson_apocalypse_1992,
	title = {The Apocalypse in the Middle Ages},
	isbn = {0801495504, 9780801495502},
	author = {Richard Kenneth Emmerson and Bernard {McGinn} and Richard Kenneth Emmerson},
	year = {1992},
	pages = {428}
},

@book{berenson_arch_1954,
	title = {The Arch of Constantine, or, The decline of form},
	publisher = {Chapman \& Hall},
	author = {B. Berenson},
	year = {1954}
},

@article{pond_arch_????,
	title = {The Arch of Galerius},
	journal = {A sculptural Record of the Age of the Tetrarchies},
	author = {M. S. Pond}
},

@inproceedings{adams_arch_1989,
	title = {The Arch of Hadrian at Athens},
	booktitle = {The Greek Renaissance in the Roman Empire. Papers from the Tenth British Museum Classical Colloquium. London 1986},
	author = {A. Adams},
	year = {1989},
	pages = {10--16}
},

@article{brilliant_arch_1967,
	title = {The Arch of Septimius Severus in the Roman Forum},
	journal = {Memoirs of the American Academy in Rome},
	author = {R. Brilliant},
	year = {1967},
	pages = {5--271}
},

@article{brilliant_arch_1967-1,
	title = {The Arch of Septimius Severus in the Roman Forum},
	journal = {Memoirs of the American Academy in Rome},
	author = {R. Brilliant},
	year = {1967},
	pages = {5--271}
},

@book{khler_art_1965,
	title = {The art of Rome and her empire},
	publisher = {Greyston Press},
	author = {H. Kähler},
	year = {1965}
},

@book{toynbee_art_1965,
	title = {The art of the Romans},
	publisher = {Thames and Hudson},
	author = {J. M. C. Toynbee},
	year = {1965}
},

@book{jones_emperor_1984,
	title = {The Emperor Titus},
	publisher = {Palgrave Macmillan},
	author = {B. W. Jones},
	year = {1984}
},

@article{jarman_orange_2001,
	title = {The Orange Arch: Creating Tradition in Ulster},
	volume = {112},
	number = {1},
	journal = {Folklore},
	author = {N. Jarman},
	year = {2001},
	pages = {1--21}
},

@article{gregory_roman_1984,
	title = {The Roman Arch at Isthmia},
	journal = {Hesperia},
	author = {T. E. Gregory and H. Mills},
	year = {1984},
	pages = {407--445}
},

@book{dudley_roman_1965,
	title = {The Roman conquest of Britain, {AD} 43-57},
	publisher = {{BT} Batsford},
	author = {D. R. Dudley and G. Webster},
	year = {1965}
},

@article{frothingham_roman_1915,
	title = {The Roman Territorial Arch},
	journal = {American Journal of Archaeology},
	author = {A. L. Frothingham},
	year = {1915},
	pages = {155--174}
},

@book{beard_roman_2007,
	title = {The Roman triumph},
	publisher = {Belknap Press},
	author = {M. Beard},
	year = {2007}
},

@article{holland_triple_1946,
	title = {The Triple Arch of Augustus},
	journal = {American Journal of Archaeology},
	author = {L. B. Holland},
	year = {1946},
	pages = {52--59}
},

@article{friesen_triumphal_????,
	title = {The Triumphal Arch: Evidence of Roman Influence in Newport Beach},
	author = {A. Friesen and L. Bauer and H. Core}
},

@misc{_triumphal_????,
	title = {The triumphal arch of Glanum},
	journal = {Wikipedia}
},

@misc{_triumphal_????-1,
	title = {Triumphal arch},
	journal = {Wikipedia}
},

@misc{_triumphal_????-2,
	title = {Triumphal Arch of Orange}
},

@misc{__????,
	title = {羅馬皇帝列表 - 维基百科，自由的百科全书},
	url = {http://zh.wikipedia.org/wiki/%E7%BE%85%E9%A6%AC%E7%9A%87%E5%B8%9D%E5%88%97%E8%A1%A8},
	howpublished = {{http://zh.wikipedia.org/wiki/\%E7\%BE\%85\%E9\%A6\%AC\%E7\%9A\%87\%E5\%B8\%9D\%E5\%88\%97\%E8\%A1\%A8}}
},

@book{__1997,
	title = {罗马帝国衰亡史},
	publisher = {商务印书馆},
	author = {吉本 and 黄宜思},
	year = {1997}
},

@article{__2001,
	title = {罗马掠影},
	journal = {理论与创作},
	author = {江学恭},
	year = {2001}
},

@book{__1985,
	address = {北京},
	title = {罗马史},
	publisher = {商务印书馆},
	author = {阿庇安},
	year = {1985}
},

@article{_:_2007,
	title = {胜利与光荣:罗马凯旋式},
	journal = {世界文化},
	author = {张献军 and 孙霞},
	year = {2007}
},

@article{__2007,
	title = {世界上的七座凯旋门},
	journal = {地理教育},
	author = {王书彬},
	year = {2007}
},

@article{__2002,
	title = {雄伟壮观凯旋门——巴黎揽胜},
	journal = {中外建筑},
	author = {陈淀国},
	year = {2002}
}